@article{weblogo,
  title = {{WebLogo}: a sequence logo generator},
  author = {Crooks, G.E. and Hon, G. and Chandonia, J.M. and Brenner, S.E.},
  journal = {Genome research},
  volume = {14},
  number = {6},
  pages = {1188--1190},
  year = {2004},
},

@article{seqlogo,
  author = {T. D. Schneider and R. M. Stephens},
  title = {Sequence logos: a new way to display consensus sequences},
  journal = {Nucleic Acids Res},
  volume = {18},
  pages = {6097--6100},
  pmid = {2172928},
  pmcid = {PMC332411},
  year = {1990},
},

@article{Marzluff02,
  title = {The human and mouse replication-dependent histone genes},
  author = {Marzluff, W.F. and Gongidi, P. and Woods, K.R. and Jin, J. and Maltais, L.J.},
  journal = {Genomics},
  volume = {80},
  number = {5},
  pages = {487--498},
  year = {2002},
  publisher = {Elsevier},
  doi = {10.1006/geno.2002.6850},
},

@inproceedings{nomenclature,
  title = {Foreword: Histone Nomenclature},
  booktitle = {The structure and function of chromatin},
  series = {Ciba foundation symposium},
  author = {E. M. Bradbury},
  editor = {David W. Fitzsimons and G. E. W. Wolstenholme},
  pages = {1--4},
  volume = {28},
  organization = {Ciba foundation},
  year = {1975},
}

@incollection{PAGEND,
  author = {Alfred Zweidler},
  title = {Resolution of histonies by polyacrylamide gel electrophoresis in presence of nonionic detergents},
  pages = {223--233},
  booktitle = {Chromatin and Chromosomal Protein Research. II},
  series = {Methods in Cell Biology},
  publisher = {Academic Press},
  editor = {Gary Stein and Janet Stein and Lewis J. Kleinsmith},
  chapter = {16},
  volume = {17},
  year = {1977},
  doi = {10.1016/S0091-679X(08)61145-0},
},

@article{reproducible-research-law,
  author = {Yale Law School Roundtable on Data and Code Sharing},
  title = {Reproducible Research},
  journal ={Computing in Science and Engineering},
  volume = {12},
  number = {5},
  issn = {1521-9615},
  year = {2010},
  pages = {8--13},
  doi = {10.1109/MCSE.2010.113},
  publisher = {IEEE Computer Society},
  address = {Los Alamitos, CA, USA},
},

@article{reproducible-research-bioinformatics,
  author = {Robert Gentleman},
  title = {Reproducible research: a bioinformatics case study},
  journal ={Statistical Applications in Genetics and Molecular Biology},
  volume = {4},
  number = {1},
  year = {2005},
  doi = {10.2202/1544-6115.1034},
},

@article{variants-review,
  title={Histone variants: deviants?},
  author={Kamakaka, Rohinton T. and Biggins, Sue},
  journal={Genes \& development},
  volume={19},
  number={3},
  pages={295--316},
  year={2005},
  publisher={Cold Spring Harbor Lab}
}
